@manual{microsoftAr,
  author       = {Microsoft},
  title        = {What is Augmenteted Reality},
  organization = {Microsoft},
  year         = 2023,
  month        = may,
  day          = 26,
  note         = {URL: https://dynamics.microsoft.com/en-us/mixed-reality/guides/what-is-augmented-reality-ar/}
}

@manual{appleAr,
  author       = {Apple},
  title        = {Augmented Reality},
  organization = {Apple Inc},
  year         = 2023,
  month        = may,
  day          = 26,
  note         = {URL: https://developer.apple.com/augmented-reality/}
}

@manual{appleArRealityKit,
  author       = {Apple},
  title        = {Reality Kit},
  organization = {Apple Inc},
  year         = 2023,
  month        = may,
  day          = 26,
  note         = {URL: https://developer.apple.com/documentation/realitykit/}
}

@manual{appleArKit,
  author       = {Apple},
  title        = {Augmented Reality},
  organization = {Apple Inc},
  year         = 2023,
  month        = may,
  day          = 26,
  note         = {URL: https://developer.apple.com/documentation/arkit}
}

@manual{unity,
  author       = {Unity},
  title        = {AR Foundation},
  organization = {Unity},
  year         = 2023,
  month        = may,
  day          = 26,
  note         = {URL: https://unity.com/unity/features/arfoundation}
}

@manual{mozilla,
  author       = {Mozilla},
  title        = {MVC},
  organization = {Mozilla},
  year         = 2023,
  month        = may,
  day          = 26,
  note         = {URL: https://developer.mozilla.org/en-US/docs/Glossary/MVC}
}